@article{cascpaper
,	title	= {Covariate-assisted Spectral Clustering}
,	author	= {N. Binkiewicz, J. T. Vogelstein, K. Rohe}
,	journal	= {Biometrika}
,	volume	= {104}
,	number	= {2}
,	pages	= {361-377}
,	year	= {2017}
}
@article{mcc
,	title	= {Multiscale Comparative Connectomics}
,	author	= {Gopalakrishnan et al.}
,	journal	= {arxiv}
,	year	= {2021}
}